% ############################### DOCUMENTATION #######################

@misc{pygam2018,
  author = {Servén, Daniel and Brummitt, Charlie},
  title = {Generalized Additive Models},
  year = {2018},
  howpublished = {pyGAM Documentation},
  note = {URL: \url{https://pygam.readthedocs.io/en/latest/notebooks/tour_of_pygam.html}}
}

@misc{scikit2025oneclasssvm,
  author = {scikit-learn developers},
  title = {OneClassSVM},
  year = {2025},
  howpublished = {scikit-learn Documentation},
  note = {URL: \url{https://scikit-learn.org/stable/modules/generated/sklearn.svm.OneClassSVM.html}}
}

@misc{django2025queryset,
  author = {Official Documentation},
  title = {QuerySet API reference},
  year = {2025},
  howpublished = {Django Documentation},
  note = {URL: \url{https://docs.djangoproject.com/en/5.2/ref/models/querysets/\#bulk-create}}
}

% ############################### BOOKS #######################
@book{dorsey2011five,
  author = {Dorsey, P. and Mansueto, J.},
  title = {The Five Rules for Successful Stock Investing},
  year = {2011}
}

% ############################### ARTICLES #######################

@article{msci2024fundamental,
  author = {MSCI},
  title = {Fundamental Data Methodology},
  year = {2025},
  month = {June},
  url = {https://www-cdn.msci.com/documents/10199/0b41b3a3-9da8-46f6-fce7-1dc1177e4a23}
}


@article{liu2012isolation,
  author = {Liu, Fei Tony and Ting, Kai Ming and Zhou, Zhi-Hua},
  title = {Isolation-based anomaly detection},
  journal = {ACM Transactions on Knowledge Discovery from Data (TKDD)},
  volume = {6},
  number = {1},
  pages = {3},
  year = {2012},
  url = {https://www.lamda.nju.edu.cn/publication/tkdd11.pdf}
}

@article{zineb2012simple,
  author = {Zineb, Noumir and Honeine, Paul and Richard, Cedue},
  title = {On simple one-class classification methods},
  journal = {IEEE International Symposium on Information Theory Proceedings},
  year = {2012},
  url={https://www.researchgate.net/publication/261248728_On_simple_one-class_classification_methods}
}

@inproceedings{breunig2000lof,
  author = {Breunig, Markus M. and Kriegel, Hans-Peter and Ng, Raymond T. and Sander, J{\"o}rg},
  title = {LOF: identifying density-based local outliers},
  booktitle = {ACM sigmod record},
  year = {2000},
  url={https://dl.acm.org/doi/pdf/10.1145/335191.335388}
}

@article{abro2020stacking,
  author = {Abro, A. A. and Taşci, E. and Uğur, A.},
  title = {A Stacking-based Ensemble Learning Method for Outlier Detection},
  journal = {Balkan Journal of Electrical \& Computer Engineering},
  volume = {8},
  number = {2},
  year = {2020},
  month = {April},
  url = {https://dergipark.org.tr/en/download/article-file/1106223}
}
